<?xml version="1.0" encoding="UTF-8"?><collection xmlns="http://www.loc.gov/MARC21/slim"><record><leader>00705nam--2200181-i-4500</leader><controlfield tag="001">000049174</controlfield><controlfield tag="002">20161230</controlfield><controlfield tag="005">20161230201047</controlfield><controlfield tag="008">060222s1000------------r-----000-0-eng-d</controlfield><datafield ind1=" " ind2=" " tag="040"><subfield code="a">IFIN-HH</subfield></datafield><datafield ind1=" " ind2=" " tag="080"><subfield code="a">537.84:533.9(061.3)</subfield></datafield><datafield ind1="1" ind2=" " tag="110"><subfield code="a">Bhabha Atomic Research Centre, Trombay</subfield></datafield><datafield ind1="1" ind2="0" tag="245"><subfield code="a">Proceedings of the Symposium on Plasma Physics and Magnetohydrodynamics, Bhabha Atomic Research Centre, Trombay, Bombay, February 5-6, 1975</subfield><subfield code="b">Organised by Electronics and Instrumentation Committee Department of Atomic Energy Government of India</subfield></datafield><datafield ind1=" " ind2=" " tag="260"><subfield code="a">Bhabha, Department Of Atomic Energy, 1975,</subfield></datafield><datafield ind1=" " ind2=" " tag="300"><subfield code="a">XIV + 289P</subfield></datafield><datafield ind1=" " ind2=" " tag="490"><subfield code="a">Proceedings</subfield></datafield><datafield ind1=" " ind2=" " tag="852"><subfield code="a">45607</subfield><subfield code="c">533.9</subfield></datafield><datafield ind1=" " ind2=" " tag="CAT"><subfield code="a">Sys</subfield><subfield code="c">20100928</subfield><subfield code="h">131104</subfield></datafield></record></collection>